@Inproceedings{Graefe:2014,
  author = {Graefe, Goetz and 
            Volos, Haris and 
            Kimura, Hideaki and 
            Kuno, Harumi and 
            Tucek, Joseph and 
            Lillibridge, Mark and 
            Veitch, Alistair},
  title = {In-Memory Performance for Big Data},
  booktitle = {Proceedings of the VLDB Endowment},
  date = {2014-09},
  editor = {Li, Chen and 
            Markl, Volker},
  editortype = {editor},
  editora = {Jagadish, H. V.},
  editoratype = {founding},
  editorb = {Chang, Kevin and 
             Babu, Shivnath and 
             Balazinska, Magdalena and 
             Naumann, Felix and
             Manegold, Stefan and
             Chen, Yi and
             Ozcan, Fatma and
             Patel, Jignesh and
             Gemulla, Rainer},
  editorbtype = {collaborator},
  maintitle = {Proceedings of the 41st International Conference on Very 
               Large Data Bases},
%  mainsubtitle = ,
%  maintitleaddon = ,
%  booksubtitle = ,
%  booktitleaddon = ,
  eventtitle = {The 41st International Conference on Very Large Data Bases},
%  eventtitleaddon = ,
  eventdate = {2015-08-31/2015-09-04},
%  venue = ,
  language = {langenglish},
  volume = {8},
%  part = ,
%  volumes = ,
  series = {Proceedings of the VLDB Endowment},
  number = {1},
  organization = {Very Large Data Base Endowment Inc.},
  location = {Kohala Coast, Hawaii},
  pages = {37--48},
  issn = {2150-8097},
%  addendum = ,
  doi = {10.14778/2735461.2735465},
%  eprint = ,
%  eprintclass = ,
%  eprinttype = ,
  url = {http://www.vldb.org/pvldb/vol8/p37-graefe.pdf},
  urldate = {2016-12-13}
}

@Article{Graefe:2014Ar,
  author = {Graefe, Goetz and 
            Volos, Haris and 
            Kimura, Hideaki and 
            Kuno, Harumi and 
            Tucek, Joseph and 
            Lillibridge, Mark and 
            Veitch, Alistair},
  title = {In-Memory Performance for Big Data},
  journaltitle = {Proceedings of the Very Large Data Base Endowment},
  date = {2014-09},
  editor = {Li, Chen and 
            Markl, Volker},
  editortype = {editor},
  editora = {Jagadish, H. V.},
  editoratype = {founding},
  editorb = {Chang, Kevin and 
             Babu, Shivnath and 
             Balazinska, Magdalena and 
             Naumann, Felix and
             Manegold, Stefan and
             Chen, Yi and
             Ozcan, Fatma and
             Patel, Jignesh and
             Gemulla, Rainer},
  editorbtype = {collaborator},
  issuetitle = {Proceedings of the 41st International Conference on Very 
                Large Data Bases, Kohala Coast, Hawaii},
  language = {langenglish},
%  series = ,
  volume = {8},
  number = {1},
%  eid = ,
%  issue = ,
  pages = {37--48},
%  version = ,
  issn = {2150-8097},
%  addendum = ,
  doi = {10.14778/2735461.2735465},
%  eprint = ,
%  eprintclass = ,
%  eprinttype = ,
  url = {http://www.vldb.org/pvldb/vol8/p37-graefe.pdf},
  urldate = {2016-12-13}
}

@Article{Graefe:2012,
  author = {Graefe, Goetz and 
            Kimura, Hideaki and 
            Kuno, Harumi},
  title = {Foster b-trees},
  journaltitle = {ACM Transactions on Database Systems},
  date = {2012-08},
  editor = {Özsoyoğlu, Zehra Meral},
  editortype = {editor},
  language = {langenglish},
  volume = {37},
  issue = {3},
  pages = {17:1--17:29},
  issn = {0362-5915},
  doi = {10.1145/2338626.2338630},
  url = {http://dl.acm.org/citation.cfm?id=2338630},
  urldate = {2016-01-13}
}

@Article{Harizopoulos:2008,
  author = {Harizopoulos, Stavros and 
            Abadi, Daniel J. and 
            Madden, Samuel and 
            Stonebraker, Michael},
  title = {OLTP through the looking glass, and what we found there},
  journaltitle = {Proceedings of the ACM SIGMOD International Conference on Management of Data},
  date = {2008},
  issuetitle = {Proceedings of the 2008 ACM SIGMOD International Conference on Management of Data},
  language = {langenglish},
  pages = {981--992},
  doi = {10.1145/1376616.1376713},
  url = {http://dl.acm.org/citation.cfm?id=1376713},
  urldate = {2016-01-13}
}

@Article{Graefe:2015,
  author = {Graefe, Goetz and 
            Kimura, Hideaki},
  title = {Orthogonal key-value locking},
  journaltitle = {Datenbanksysteme für Business, Technologie und Web (BTW)},
  date = {2014-09},
  editor = {Seidl, Thomas and 
            Ritter, Norbert and 
            Schöning, Harald and 
            Sattler, Kai-Uwe and 
            Härder, Theo and 
            Friedrich, Steffen and 
            Wingerath, Wolfram},
  editortype = {editor},
  issuetitle = {Datenbanksysteme für Business, Technologie und Web (BTW 2015) - Workshopband},
  language = {langgerman},
  series = {GI Proceedings},
  volume = {242},
  number = {1},
%  eid = ,
%  issue = ,
  pages = {37--48},
%  version = ,
  issn = {2150-8097},
%  addendum = ,
  doi = {10.14778/2735461.2735465},
%  eprint = ,
%  eprintclass = ,
%  eprinttype = ,
  url = {http://www.vldb.org/pvldb/vol8/p37-graefe.pdf},
  urldate = {2016-12-13}
}

@Online{PeterZClockPro2,
   author = {Zijlstra, Peter},
   title = {PeterZClockPro2},
   date = {2006-03-17},
   url = {https://linux-mm.org/PeterZClockPro2},
   language = {langenglish},
   organization = {LinuxMM},
   urldate = {2016-12-14}
}

@Online{PeterZCart,
   author = {Zijlstra, Peter},
   title = {PeterZCart},
   date = {2005-11-03},
   url = {https://linux-mm.org/PeterZCart},
   language = {langenglish},
   organization = {LinuxMM},
   urldate = {2016-12-14}
}

@Online{OpenZFSARC,
	author = {Surya, Prakash},
	title = {OpenZFS: Reducing ARC Lock Contention},
	date = {2015-03-23},
	url = {https://www.delphix.com/blog/delphix-engineering/openzfs-reducing-arc-lock-contention},
	language = {langenglish},
	organization = {Delphix Corp.},
	urldate = {2016-12-14}
}

@Software{Zero,
	author = {{HP Labs} and 
	          {University of Kaiserslautern}},
	title = {Zero},
	url = {https://github.com/caetanosauer/zero}
}

@Software{ShoreMT,
	author = {{Carnegie Mellon University} and 
	          {École polytechnique fédérale de Lausanne}},
	title = {Shore-MT},
	url = {https://sites.google.com/site/shoremt/}
}

@Software{SSM,
	author = {{University of Wisconsin}},
	title = {Shore Storage Manager},
	url = {http://research.cs.wisc.edu/shore/},
	version = {5.0.3},
	date = {2008-05-31}
}

@Software{Shore,
	author = {{University of Wisconsin}},
	title = {Shore},
	url = {http://research.cs.wisc.edu/shore/},
	version = {1.1.1},
	date = {1997-10}
}

@Software{EXODUS,
	author = {{University of Wisconsin}},
	title = {EXODUS},
	url = {http://research.cs.wisc.edu/exodus/},
	version = {3.0},
	date = {1994}
}

@Online{ZeroPapers,
	author = {Sauer, Caetano},
	title = {caetanosauer/zero: Fork of the Shore-MT storage manager used by the research project Instant Recovery},
	url = {https://github.com/caetanosauer/zero},
	language = {langenglish},
	organization = {University of Kaiserslautern},
	urldate = {2017-01-11},
	shorthand = {Sa}
}

@Online{ShoreMTReleases,
	title = {Distributions of Shore Storage Manager},
	date = {2012-01-03},
	url = {http://ftp.cs.wisc.edu/shore-mt/6.0.2/NEWS},
	language = {langenglish},
	organization = {University of Wisconsin},
	urldate = {2017-01-11},
	label = {ShMT}
}

@Online{ShoreSMReleases,
	title = {Distributions of Shore Storage Manager},
	date = {2008-05-31},
	url = {http://ftp.cs.wisc.edu/shore/sm5.0/ChangeLog},
	language = {langenglish},
	organization = {University of Wisconsin},
	urldate = {2017-01-11},
	label = {ShSM}
}

@Online{ShoreReleases,
	author = {Nancy Hall},
	title = {Shore - A High-Performance, Scalable, Persistent Object Repository: Release Information},
	date = {2011-03-30},
	url = {http://research.cs.wisc.edu/shore/#Release},
	language = {langenglish},
	organization = {University of Wisconsin},
	urldate = {2017-01-11}
}

@Online{EXODUSPapers,
	author = {{University of Wisconsin}},
	title = {EXODUS Related Publications},
	date = {1995-03-08},
	url = {http://research.cs.wisc.edu/exodus/exodus.papers.html},
	language = {langenglish},
	organization = {University of Wisconsin},
	urldate = {2017-01-11}
}

@Online{wikipedia.En_Data_Base_Task_Group,
	author = {{Wikipedia}},
	title = {Data Base Task Group},
	date = {2016},
	url = {https://en.wikipedia.org/w/index.php?title=Data_Base_Task_Group},
	language = {langenglish},
	organization = {Wikimedia Foundation, Inc.},
	urldate = {2017-01-14}
}

@Book{Database_Systems_-_The_Complete_Book,
	author = {Garcia-Molina, Hector and
	          D. Ullman, Jeffrey and
	          Widom, Jennifer},
	title = {Database Systems: The Complete Book},
	date = {2009},
	editor = {Dunkelberger, Tracy},
	editortype = {editor},
%	editora = ,
%	editoratype = ,
%	editorb = ,
%	editorbtype = ,
%	editorc = ,
%	editorctype = ,
%	translator = ,
%	annotator = ,
%	commentator = ,
%	introduction = ,
%	foreword = ,
%	afterword = ,
%	subtitle = ,
%	titleaddon = ,
%	maintitle = ,
%	mainsubtitle = ,
%	maintitleaddon = ,
	language = {langenglish},
%	origlanguage = ,
%	volume = ,
%	part = ,
	edition = {2nd Edition},
%	volumes = ,
%	series = ,
%	number = ,
%	note = ,
	publisher = {Pearson Education Inc.},
	location = {Upper Saddle River, NJ},
	isbn = {978-0-13-606701-6},
%	chapter = ,
%	pages = ,
	pagetotal = 1203,
%	addendum = ,
%	pubstate = ,
%	doi = ,
%	eprint = ,
%	eprintclass = ,
%	eprinttype = ,
	url = {http://infolab.stanford.edu/~ullman/dscb.html},
	urldate = {2017-01-14}
}

@Article{HaerderReuter83,
  author = {Härder, Theo and 
            Reuter, Andreas},
  title = {Principles of Transaction-Oriented Database Recovery},
  journaltitle = {ACM Computing Surveys},
  date = {1983-12},
  editor = {Wasserman, Anthony I.},
  editortype = {editor},
  language = {langenglish},
  volume = {15},
  issue = {4},
  pages = {287--317},
  issn = {0360-0300},
  doi = {10.1145/289.291},
  url = {http://www.vldb.org/pvldb/vol8/p37-graefe.pdf},
  urldate = {2017-01-14}
}

@Inproceedings{Jardine:1976,
  author = {Jardine, Donald A.},
  title = {The ANSI/SPARC DBMS Modell},
  editor = {Jardine, Donald A.},
  editortype = {editor},
  booktitle = {Proceedings of the SHARE Working Conference on Data Base Management Systems},
  maintitle = {Proceedings of the 2nd SHARE Working Conference on Data Base Management Systems},
  eventtitle = {The 2nd SHARE Working Conference on Data Base Management Systems},
  eventdate = {1976-04-26/1976-04-30},
  language = {langenglish},
  series = {Proceedings of the SHARE Working Conference on Data Base Management Systems},
  organization = {S.H.A.R.E.},
  location = {Montreal, Quebec},
  isbn = {0444106723},
  url = {https://books.google.de/books?id=R18-AQAAIAAJ},
  urldate = {2017-01-14}
}

@Online{udemy_ANSI-SPARC,
   author = {Jain, Richa},
   title = {DBMS Architecture: An Overview of the 3-Tier ANSI-SPARC Architecture},
   date = {2014-05-22},
   url = {https://blog.udemy.com/dbms-architecture/},
   language = {langenglish},
   organization = {Udemy, Inc.},
   urldate = {2017-01-14}
}

@Book{Datenbanksysteme_-_Konzepte_und_Techniken_der_Implementierung,
	author = {Härder, Theo and
	          Rahm, Erhard},
	title = {Datenbanksysteme - Konzepte und Techniken der Implementierung},
	date = {2001},
	language = {langgerman},
	edition = {2. überarbeitete Auflage},
	publisher = {Springer-Verlag},
	location = {Berlin Heidelberg},
	isbn = {978-3-642-62659-3},
	pagetotal = 582,
	doi = {10.1007/978-3-642-56419-2},
	url = {http://www.springer.com/de/book/9783540421337},
	urldate = {2017-01-14}
}

@Book{Datenbanken_-_Implementierungstechniken,
	author = {Heuer, Andreas and
	          Saake, Gunter and
	          Sattler, Kai-Uwe},
	title = {Datenbanken - Implementierungstechniken},
	date = {2011},
	language = {langgerman},
	edition = {3. überarbeitete Auflage},
	series = {mitp Professional},
	publisher = {mitp Verlags GmbH {\&} Co. KG},
	location = {Bonn},
	isbn = {978-3-8266-9156-0},
	pagetotal = 672,
	url = {https://mitp.de/IT-WEB/Datenbanken/Datenbanken-Implementierungstechniken.html},
	urldate = {2017-01-14}
}

@Article{samsung:ssdprimer,
	institution = {SAMSUNG},
	date = {2015-08},
	title = {Why SSDs Are Awesome - An SSD Primer},
	language = {langenglish},
	url = {http://www.samsung.com/global/business/semiconductor/minisite/SSD/M2M/download/01_Why_SSDs_Are_Awesome.pdf},
	urldate = {2017-01-19},
	label = {Sam}
}

@Online{7cpu:skylake,
	author = {Pavlov, Igor},
	title = {Intel Skylake},
	language = {langenglish},
	urldate = {2017-01-19},
	url = {http://www.7-cpu.com/cpu/Skylake.html}
}

@Inproceedings{Haerder:1983,
  author = {Härder, Theo and 
            Reuter, Andreas},
  title = {Concepts for Implementing a Centralized Database Management System},
  booktitle = {Proceeding International Computing Symposium on Application Systems Development},
  date = {1983},
  editor = {Schneider, Hans Jürgen},
  editortype = {editor},
  maintitle = {Proceeding International Computing Symposium 1983 on Application Systems Development},
  eventtitle = {International Computing Symposium 1983 on Application Systems Development},
  eventdate = {1983-03-22/1983-03-24},
  language = {langenglish},
  series = {Berichte des German Chapter of the ACM},
  organization = {German Chapter of ACM},
  location = {Nürnberg, Germany},
  pages = {36--60},
  isbn = {978-3-519-02432-3},
  url = {https://catalog.hathitrust.org/Record/007902142},
  urldate = {2017-01-19}
}

@Inproceedings{Haerder:1985,
  author = {Härder, Theo and 
            Reuter, Andreas},
  title = {Architektur von Datenbanksystemen für Non-Standard-Anwendungen},
  booktitle = {Datenbank-Systeme für Büro, Technik und Wissenschaft},
  booksubtitle = {GI-Fachtagung, Karlsruhe, 20.-22. März 1985},
  date = {1985-01},
  editor = {Blaser, Albrecht and
            Pistor, Peter},
  editortype = {editor},
  eventtitle = {Datenbank-Systeme für Büro, Technik und Wissenschaft 1985},
  eventdate = {1985-03-20/1985-03-22},
  language = {langgerman},
  volume = {94},
  series = {Informatik-Fachberichte},
  organization = {Gesellschaft für Informatik e.V.},
  location = {Karlsruhe, Germany},
  pages = {253--286},
  issn = {0343-3005},
  isbn = {978-3-642-70284-6},
  doi = {10.1007/978-3-642-70284-6_21},
  url = {http://link.springer.com/chapter/10.1007%2F978-3-642-70284-6_21},
  urldate = {2017-01-19}
}

@Article{Gaede:1998,
  author = {Gaede, Volker and 
            Günther, Oliver},
  title = {Multidimensional Access Methods},
  journaltitle = {ACM Computing Surveys},
  date = {1998-06},
  editor = {Muntz, Richard R.},
  editortype = {editor},
  language = {langenglish},
  volume = {30},
  issue = {2},
  pages = {170--231},
  issn = {0360-0300},
  doi = {10.1145/280277.280279},
  url = {http://dl.acm.org/citation.cfm?id=280279},
  urldate = {2017-01-21}
}

@Article{Effelsberg:1984,
  author = {Effelsberg, Wolfgang and 
            Härder, Theo},
  title = {Principles of Database Buffer Management},
  journaltitle = {ACM Transactions on Database Systems},
  date = {1984-12},
  editor = {Taylor, Robert W.},
  editortype = {editor},
  language = {langenglish},
  volume = {9},
  issue = {4},
  pages = {560--595},
  issn = {0362-5915},
  doi = {10.1145/1994.2022},
  url = {http://dl.acm.org/citation.cfm?id=2022},
  urldate = {2017-02-02}
}

@Article{Belady:1966,
  author = {Belady, Laszlo A.},
  title = {A study of replacement algorithms for a virtual-storage computer},
  journaltitle = {IBM Systems Journal},
  date = {1966-06},
  language = {langenglish},
  volume = {5},
  number = {2},
  pages = {78--101},
  issn = {0018-8670},
  doi = {10.1147/sj.52.0078},
  url = {http://ieeexplore.ieee.org/document/5388441/},
  urldate = {2017-02-02}
}

@Mastersthesis{Paajanen:2007,
  author = {Paajanen, Heikki},
  title = {Page replacement in operating system memory management},
  institution = {University of Jyväskylä},
  date = {2007-10-23},
%  subtitle = {},
%  titleaddon = {},
  language = {langenglish},
%  note = {},
  location = {Jyväskylä},
%  isbn = {},
%  chapter = {},
%  pages = {},
  pagetotal = {109},
%  addendum = {},
%  pubstate = {},
%  doi = {},
%  eprint = {},
%  eprintclass = {},
%  eprinttype = {},
  url = {http://urn.fi/URN:NBN:fi:jyu-2007775},
  urldate ={2017-02-02}
}

@Unpublished{Wenguang:2001,
  author = {Wang, Wenguang},
  title = {Storage Management in RDBMS},
  date = {2001-08-17},
%  subtitle = {},
%  titleaddon = {},
  language = {langenglish},
%  howpublished = {},
%  note = {},
  location = {Saskatoon, Canada},
%  isbn = {},
%  addendum = {},
%  pubstate = {},
  url = {http://www.gohappycup.com/personal/comprehensive.pdf},
  urldate = {2017-02-02}
}

@Article{Haerder:1983b,
  author = {Härder, Theo and 
            Reuter, Andreas},
  title = {Principles of Transaction-Oriented Database Recovery},
  journaltitle = {ACM Computing Surveys},
  date = {1983-12},
  editor = {Goldberg, Adele},
  editortype = {editor},
  language = {langenglish},
  volume = {15},
  issue = {4},
  pages = {287--317},
  issn = {0360-0300},
  doi = {10.1145/289.291},
  url = {http://dl.acm.org/citation.cfm?id=291},
  urldate = {2017-02-04}
}

@Inproceedings{Sauer:2016,
  author = {Sauer, Caetano
            Lersch, Lucas and 
            Härder, Theo and 
            Graefe, Goetz},
  title = {Update propagation strategies for high-performance OLTP},
  booktitle = {Advances in Databases and Information Systems},
  date = {2016-08-14},
  editor = {Pokorný, Jaroslav and 
            Ivanović, Mirjana and
            Thalheim, Bernhard and
            Šaloun, Petr},
  editortype = {editor},
  editora = {Goos, Gerhard and
             Hartmanis, Juris and
             van Leeuwen, Jan},
  editoratype = {founding},
  maintitle = {20th East European Conference, ADBIS 2016, Prague, Czech Republic, August 28-31, 2016, Proceedings},
  eventtitle = {20th East-European Conference on Advances in Databases and Information Systems},
  eventdate = {2016-08-28/2016-08-31},
  language = {langenglish},
  series = {Lecture Notes in Computer Science},
  number = {9809},
  organization = {Advances in Databases and Information Systems},
  location = {Prague, Czech Republic},
  pages = {152--165},
  isbn = {978-3-319-44038-5},
  doi = {10.1007/978-3-319-44039-2_11},
  url = {http://link.springer.com/chapter/10.1007%2F978-3-319-44039-2_11},
  urldate = {2017-02-04}
}

@Online{ChuckFinley,
   author = {Ruiter, Jason},
   title = {To save books, librarians create fake 'reader' to check out titles},
   date = {2016-12-30},
   url = {http://www.orlandosentinel.com/news/lake/os-chuck-finley-lake-library-fake-reader-20161227-story.html},
   language = {langenglish},
   organization = {Orlando Sentinel},
   urldate = {2017-02-04}
}

@Article{Smith:1978,
  author = {Smith, Alan Jay},
  title = {Sequentiality and Prefetching in Database Systems},
  journaltitle = {ACM Transactions on Database Systems},
  date = {1978-09},
  editor = {Hsiao, David K.},
  editortype = {editor},
  language = {langenglish},
  volume = {3},
  issue = {3},
  pages = {223--247},
  issn = {0362-5915},
  doi = {10.1145/320263.320276},
  url = {http://dl.acm.org/citation.cfm?id=320276&CFID=897673334&CFTOKEN=49203344},
  urldate = {2017-02-06}
}

@Inproceedings{Bansal:2004,
  author = {Bansal, Sorav and 
            Modha, Dharmendra S.},
  title = {CAR: Clock with Adaptive Replacement},
  booktitle = {Proceedings of the Third USENIX Conference on File and Storage Technologies},
  date = {2004-03-31},
  eventtitle = {3rd USENIX Conference on File and Storage Technologies},
  eventdate = {2004-03-31/2004-04-03},
  language = {langenglish},
  organization = {USENIX Association Berkeley},
  location = {San Francisco, California},
  pages = {187--200},
  url = {http://usenix.org/publications/library/proceedings/fast04/tech/full_papers/bansal/bansal.pdf},
  urldate = {2017-02-06}
}

@Inproceedings{Megiddo:2003,
  author = {Megiddo, Nimrod and 
            Modha, Dharmendra S.},
  title = {ARC: A Self-Tuning, Low Overhead Replacement Cache},
  booktitle = {Proceedings of the Second USENIX Conference on File and Storage Technologies},
  date = {2003-03-31},
  eventtitle = {2rd USENIX Conference on File and Storage Technologies},
  eventdate = {2003-03-31},
  language = {langenglish},
  organization = {USENIX Association Berkeley},
  location = {San Francisco, California},
  pages = {115--130},
  url = {https://www.usenix.org/legacy/event/fast03/tech/full_papers/megiddo/megiddo.pdf},
  urldate = {2017-02-06}
}

@Online{HDD2016,
   title = {Seagates Speicherriese ist schnell und sehr sparsam},
   date = {2016-08-16},
   url = {https://www.computerbase.de/2016-08/seagate-enterprise-capacity-3.5-hdd-10tb-test/3/#diagramm-zugriffszeiten-lesen-h2benchw-316},
   language = {langgerman},
   organization = {ComputerBase GmbH},
   urldate = {2017-02-08},
   label = {Sea}
}

@Online{EntHDD,
   title = {Enterprise-Festplatten: 36 High-Performance-Festplatten im Vergleichstest},
   date = {2013-10-02},
   url = {http://www.tomshardware.de/enterprise-hdd-sshd,testberichte-241390-6.html},
   language = {langgerman},
   organization = {Tom’s Guides Publishing GmbH},
   urldate = {2017-02-08},
   label = {Tom}
}

@Online{heisehardware,
   title = {heise online Preisvergleich | Hardware},
   date = {2017},
   url = {https://www.heise.de/preisvergleich/?m=1},
   language = {langgerman},
   organization = {Heise Medien GmbH {\&} Co. KG},
   urldate = {2017-02-08},
   label = {He}
}

@Book{Stallings:2013,
	author = {Stallings, William},
	title = {Computer Organization and Architecture},
	date = {2012-03-11},
	editor = {Horton, Marcia},
	editortype = {editor},
	titleaddon = {Designing and Performance},
	language = {langenglish},
	edition = {Ninth Edition},
	publisher = {Pearson Education Inc.},
	location = {Upper Saddle River, NJ},
	isbn = {978-0-13-293633-0},
	pagetotal = 764,
	url = {http://williamstallings.com/ComputerOrganization/},
	urldate = {2017-02-09}
}

@Article{Mohan:1992,
  author = {Mohan, C. and 
            Haderle, Don and 
            Lindsay, Bruce and 
            Pirahesh, Hamid and 
            Schwarz, Peter},
  title = {ARIES: A Transaction Recovery Method Supporting Fine-Granularity Locking and Partial Rollbacks Using Write-Ahead Logging},
  journaltitle = {ACM Transactions on Database Systems},
  date = {1992-03},
  editor = {Wiederhold, Gio},
  editortype = {editor},
  language = {langenglish},
  volume = {17},
  issue = {1},
  pages = {94--162},
  issn = {0362-5915},
  doi = {10.1145/128765.128770},
  url = {http://dl.acm.org/citation.cfm?id=128770},
  urldate = {2017-02-09}
}

@Online{mempricehist,
   title = {hblok.net | Storage},
   author = {Blok and
   		John C. McCallum},
   date = {2015-12-23},
   url = {https://hblok.net/blog/storage/},
   language = {langenglish},
   urldate = {2017-02-10}
}

@Inproceedings{ONeil:1993,
  author = {O'Neil, Elizabeth J. and 
            O'Neil, Patrick E. and 
            Weikum, Gerhard},
  title = {The LRU–K Page Replacement Algorithm For Database Disk Buffering},
  booktitle = {Proceedings of the 1993 ACM SIGMOD International Conference on Management of Data},
  date = {1993-06},
  editor = {Buneman, Peter and 
            Jajodia, Sushil},
  editortype = {editor},
  eventtitle = {ACM SIGMOD Conference 1993},
  eventdate = {1993-05-26/1993-05-28},
  language = {langenglish},
  series = {Proceedings of the ACM SIGMOD International Conference on Management of Data},
  organization = {ACM, Inc.},
  location = {Washigton, DC},
  pages = {297--306},
  isbn = {0-89791-592-5},
  doi = {10.1145/170035.170081},
  url = {http://dl.acm.org/citation.cfm?id=170081},
  urldate = {2017-02-11}
}

@Book{Knuth:1998,
	author = {Knuth, Donald Ervin},
	title = {Sorting and Searching},
	date = {1998},
	language = {langenglish},
	volume = {3},
	edition = {Second Edition},
	series = {The Art of Computer Programming},
	publisher = {Addison Wesley Longman Publishing Co., Inc.},
	location = {Redwood City, CA},
	isbn = {978-0-201-89685-5},
	pagetotal = 782,
	url = {http://www-cs-faculty.stanford.edu/~knuth/taocp.html},
	urldate = {2017-02-13}
}

@Online{JunctionLibrary,
   author = {Preshing, Jeff},
   title = {New Concurrent Hash Maps for C++},
   date = {2016-02-01},
   url = {http://preshing.com/20160201/new-concurrent-hash-maps-for-cpp/},
   language = {langenglish},
   urldate = {2017-02-13}
}

@Online{TPC-C,
   title = {TPC-C},
   date = {2010-02},
   url = {http://www.tpc.org/tpcc/},
   organization = {Transaction Processing Performance Council},
   language = {langenglish},
   urldate = {2017-02-16},
   label = {TPC}
}

@Online{TPC-B,
   title = {TPC-B},
   date = {1995-06-06},
   url = {http://www.tpc.org/tpcb/},
   organization = {Transaction Processing Performance Council},
   language = {langenglish},
   urldate = {2017-02-16},
   label = {TPC}
}

@Report{Levine:1993,
    author = {Levine, Charles and
                    Gray, Jim and
                    Kiss, Steve and
                    Kohler, Walt},
    title = {The Evolution of TPC Benchmarks: Why TPC-A and TPC-B are Obsolete},
    type = {techreport},
    institution = {Tandem Computers},
    date = {1993-07},
%    subtitle = {},
%    titleaddon = {},
    language = {langenglish},
    number = {93.1},
%    version = {},
%    note = {},
    location = {Cupertino, CA},
%    isrn = {},
%    chapter = {},
%    pages = {},
    pagetotal = {21},
%    addendum = {},
%    pubstate = {},
%    doi = {},
%    eprint = {},
%    eprintclass = {},
%    eprinttype = {},
    url = {http://www.hpl.hp.com/techreports/tandem/TR-93.1.pdf},
    urldate = {2017-02-16}
}
@Inproceedings{Difallah:2013,
  author = {Difallah, Djellel Eddine and 
	          Pavlo, Andrew and
	          Curino, Carlo and
	          Cudre-Mauroux, Philippe},
  title = {OLTP-Bench: An Extensible Testbed for Benchmarking Relational Databases},
  booktitle = {Proceedings of the VLDB Endowment},
  date = {2013-12},
  editor = {Jagadish, H. V. and 
            Zhou, Aoying},
  editortype = {editor},
  editora = {Jagadish, H. V.},
  editoratype = {founding},
 editorb = {Babu, Shivnath and
 		Chen, Lei and
		Cormode, Graham and
		Cui, Bin and
		Hsu, Wynne and
		Kersten, Martin and
		Kossman, Donald and
		Rundensteiner, Elke and
		Shim, Kyuseok and
		Tan, Wang-Chiew and
		Tanca, Letizia and
		Yu, Jeffrey and
		Cong, Gao and
		Dittrich, Jens and
		Ives, Zachary},
  editorbtype = {collaborator},
  maintitle = {Proceedings of the 40th International Conference on Very 
               Large Data Bases},
  eventtitle = {The 40th International Conference on Very Large Data Bases},
  eventdate = {2015-09-01/2015-09-05},
  language = {langenglish},
  volume = {7},
  series = {Proceedings of the VLDB Endowment},
  number = {4},
  organization = {Very Large Data Base Endowment Inc.},
  location = {Hangzhou, China},
  pages = {277--288},
  issn = {2150-8097},
  doi = {10.14778/2732240.2732246},
  url = {http://www.vldb.org/pvldb/vol7/p277-difallah.pdf},
  urldate = {2017-02-20}
}

@Software{oltpbench,
	author = {Difallah, Djellel Eddine and 
	          Pavlo, Andrew and
	          Curino, Carlo and
	          Cudre-Mauroux, Philippe},
	title = {OLTPBench},
	url = {http://oltpbenchmark.com},
	urldate = {2017-02-20},
	label = {OLTP}
}

@Article{Moss:1992,
  author = {Moss, J. Eliot B.},
  title = {Working with Persistent Objects: To Swizzle or Not to Swizzle},
  journaltitle = {IEEE Transactions on Software Engineering},
  date = {1992-08},
  editor = {Leveson, Nancy G.},
  editortype = {editor},
  language = {langenglish},
  volume = {18},
  issue = {8},
  pages = {657--673},
  issn = {0098-5589},
  doi = {10.1109/32.153378},
  url = {http://ieeexplore.ieee.org/document/153378/},
  urldate = {2017-02-21}
}

@Article{White:1995,
  author = {White, Seth J. and 
            DeWitt, David J.},
  title = {QuickStore: A High Performance Mapped Object Store},
  journaltitle = {The VLDB Journal},
  journalsubtitle = {The International Journal on Very Large Data Bases},
  editor = {Su, Stanley Y. W.},
  editortype = {editor},
  date = {1995-10},
  language = {langenglish},
  volume = {4},
  issue = {4},
  pages = {629--673},
  issn = {1066-8888},
  doi = {10.1007/BF01354878},
  url = {http://link.springer.com/article/10.1007/BF01354878},
  urldate = {2017-02-21}
}

@Inproceedings{Johnson:1994,
  author = {Johnson, Theodore and
                 Shasha, Dennis},
  title = {2Q: A Low Overhead High Performance Buffer Management Replacement Algorithm},
  booktitle = {Proceedings of the VLDB Endowment},
  date = {1994},
  editor = {Bocca, Jorge B. and
                Jarke, Matthias and
                Zaniolo, Carlo},
  editortype = {editor},
  maintitle = {Proceedings of the 20th International Conference on Very Large Data Bases},
  eventtitle = {The 20th International Conference on Very Large Data Bases},
  eventdate = {1994-09-12/1994-09-15},
  language = {langenglish},
  series = {Proceedings of the VLDB Endowment},
  organization = {Very Large Data Base Endowment Inc.},
  location = {Santiago de Chile, Chile},
  pages = {439--450},
  isbn = {1-55860-153-8},
  url = {http://www.vldb.org/conf/1994/P439.PDF},
  urldate = {2017-02-27}
}
